@article{bordewich2009optimizing,
  title={{Optimizing phylogenetic diversity across two trees}},
  author={Bordewich, M. and Semple, C. and Spillner, A.},
  journal={Applied Mathematics Letters},
  volume={22},
  number={5},
  pages={638--641},
  year={2009},
  publisher={Elsevier}
}

@article{HeinEaComparingTrees96,
  author = {Hein, Jotun and Jiang, Tao and Wang, Lusheng and Zhang, Kaizhong},
  file = {:Users/matsen/Documents/Mendeley/sdarticle.pdf:pdf},
  issn = {0166-218X},
  journal = {Discrete Applied Mathematics},
  number = {1-3},
  pages = {153--169},
  publisher = {Elsevier},
  title = {{On the complexity of comparing evolutionary trees}},
  url = {http://linkinghub.elsevier.com/retrieve/pii/S0166218X96000625},
  volume = {71},
  year = {1996}
}

