@article{bordewich2009optimizing,
  title={{Optimizing phylogenetic diversity across two trees}},
  author={Bordewich, M. and Semple, C. and Spillner, A.},
  journal={Applied Mathematics Letters},
  volume={22},
  number={5},
  pages={638--641},
  year={2009},
  publisher={Elsevier}
}

@article{HeinEaComparingTrees96,
  author = {Hein, Jotun and Jiang, Tao and Wang, Lusheng and Zhang, Kaizhong},
  file = {:Users/matsen/Documents/Mendeley/sdarticle.pdf:pdf},
  issn = {0166-218X},
  journal = {Discrete Applied Mathematics},
  number = {1-3},
  pages = {153--169},
  publisher = {Elsevier},
  title = {{On the complexity of comparing evolutionary trees}},
  url = {http://linkinghub.elsevier.com/retrieve/pii/S0166218X96000625},
  volume = {71},
  year = {1996}
}

@article{MoranSnirConvexApprox07,
  author = {Moran, Shlomo and Snir, Sagi},
  doi = {10.1016/j.jcss.2007.03.006},
  journal = {Journal of Computer and System Sciences},
  pages = {1078--1089},
  title = {{Efficient approximation of convex recolorings}},
  volume = {73},
  year = {2007}
}

@article{MoranSnirConvexHard08,
  author = {Moran, Shlomo and Snir, Sagi},
  journal = {Journal of Computer and System Sciences},
  number = {5},
  pages = {850--869},
  title = {{Convex recolorings of strings and trees: Definitions, hardness results and algorithms}},
  url = {http://linkinghub.elsevier.com/retrieve/pii/S0022000007001468},
  volume = {74},
  year = {2008}
}
